@article{castro2000,
    author =       "Luciano Guimarães Monteiro de Castro",
    title =        "Introdução à Geometria Projetiva",
    journal =      "Eureka!",
    number =       "8",
    pages =        "16--27",
    year =         "2000",
	url =          "https://www.obm.org.br/content/uploads/2017/01/eureka8.pdf",
    keywords =     "luciano"
}
